@book{sisson2018handbook,
  title={Handbook of approximate Bayesian computation},
  author={Sisson, Scott A and Fan, Yanan and Beaumont, Mark},
  year={2018},
  publisher={Chapman and Hall/CRC}
}

@article{fasiolo2015approximate,
  title={Approximate methods for dynamic ecological models},
  author={Fasiolo, Matteo and Wood, Simon N},
  journal={arXiv preprint arXiv:1511.02644},
  year={2015}
}

@article{wood2010statistical,
  title={Statistical inference for noisy nonlinear ecological dynamic systems},
  author={Wood, Simon N},
  journal={Nature},
  volume={466},
  number={7310},
  pages={1102},
  year={2010},
  publisher={Nature Publishing Group}
}

@article{turchin2000living,
  title={Living on the edge of chaos: population dynamics of Fennoscandian voles},
  author={Turchin, Peter and Ellner, Stephen P},
  journal={Ecology},
  volume={81},
  number={11},
  pages={3099--3116},
  year={2000},
  publisher={Wiley Online Library}
}

@article{fisher1922mathematical,
  title={On the mathematical foundations of theoretical statistics},
  author={Fisher, Ronald A},
  journal={Philosophical Transactions of the Royal Society of London. Series A, Containing Papers of a Mathematical or Physical Character},
  volume={222},
  number={594-604},
  pages={309--368},
  year={1922},
  publisher={The Royal Society London}
}


@article{blum2010non,
  title={Non-linear regression models for Approximate Bayesian Computation},
  author={Blum, Michael GB and Fran{\c{c}}ois, Olivier},
  journal={Statistics and Computing},
  volume={20},
  number={1},
  pages={63--73},
  year={2010},
  publisher={Springer}
}



@article{beaumont2010approximate,
  title={Approximate Bayesian computation in evolution and ecology},
  author={Beaumont, Mark A},
  journal={Annual review of ecology, evolution, and systematics},
  volume={41},
  pages={379--406},
  year={2010},
  publisher={Annual Reviews}
}


@misc{nott123,
author = {Nott, David J},
title = {Lecture: A short introduction to approximate Bayesian computation},
year = {2018},
url = {$https://www.youtube.com/watch?v=77yECJ8_dyk&t=3177s$}
}



@article{csillery2012abc,
  title={abc: an R package for approximate Bayesian computation},
  author={Csill{\'e}ry, Katalin and Fran{\c{c}}ois, Olivier and Blum, Michael GB},
  journal={Methods in ecology and evolution},
  volume={3},
  number={3},
  pages={475--479},
  year={2012},
  publisher={Wiley Online Library}
}


@article{beaumont2002approximate,
  title={Approximate Bayesian computation in population genetics},
  author={Beaumont, Mark A and Zhang, Wenyang and Balding, David J},
  journal={Genetics},
  volume={162},
  number={4},
  pages={2025--2035},
  year={2002},
  publisher={Genetics Soc America}
}








@article{ABC_beaumont19,
author = {Beaumont, Mark A.},
title = {Approximate Bayesian Computation},
journal = {Annual Review of Statistics and Its Application},
volume = {6},
number = {1},
pages = {379-403},
year = {2019},
doi = {10.1146/annurev-statistics-030718-105212},
}


@article{klein2019marginally,
  title={Marginally-calibrated deep distributional regression},
  author={Klein, Nadja and Nott, David J and Smith, Michael Stanley},
  journal={arXiv preprint arXiv:1908.09482},
  year={2019}
}


@article{hartig2011statistical,
  title={Statistical inference for stochastic simulation models--theory and application},
  author={Hartig, Florian and Calabrese, Justin M and Reineking, Bj{\"o}rn and Wiegand, Thorsten and Huth, Andreas},
  journal={Ecology letters},
  volume={14},
  number={8},
  pages={816--827},
  year={2011},
  publisher={Wiley Online Library}
}